@misc{Mnih,
	Author = {Volodymyr Mnih and Koray Kavukcuoglu and David Silver and Alex Graves and Ioannis Antonoglou and Daan Wierstra and Martin Riedmiller},
	Title = {Playing Atari with Deep Reinforcement Learning},
	Year = {2013},
	Eprint = {arXiv:1312.5602},
}
@misc{Yin,
	Author = {Haiyan Yin and Sinno Jialin Pan},
	Title = {Knowledge Transfer for Deep Reinforcement Learning with Hierarchical Experience Replay},
	Year = {2017},
}
@misc{Krizhevsky,
	Author = {Alex Krizhevsky and Ilya Sutskever and Geoffrey E. Hinton},
	Title = {ImageNet Classification with Deep Convolutional Neural Networks},
	Year = {2012},
}
@misc{Zeiler,
	Author = {Matthew D. Zeiler and Rob Fergus},
	Title = {Visualizing and Understanding Convolutional Networks},
	Year = {2013},
}
@misc{Simonyan,
	Author = {Karen Simonyan and Andrew Zisserman},
	Title = {Very Deep Convolutional Networks for Large-Scale Image Recognition},
	Year = {2014},
}
@misc{Szegedy,
	Author = {Christian Szegedy and Wei Liu and Yangqing Jia and Pierre Sermanet and Scott Reed and Dragomir Anguelov and Dumitru Erhan and Vincent Vanhoucke and Andrew Rabinovich},
	Title = {Going Deeper with Convolutions},
	Year = {2015},
}
@misc{Watkins,
	Author = {Christopher John Cornish Hellaby Watkins},
	Title = {Learning from Delayed Rewards},
	Year = {1989},
}
@misc{Kaebling,
	Author = {Leslie Pack Kaeblinga and Michael L. Littman and Andrew W. Moore},
	Title = {Reinforcement Learning: A Survey},
	Year = {1996},
}
@misc{Mnih2,
	Author = {Volodymyr Mnih and Koray Kavukcuoglu and David Silver and Andrei A. Rusu and Joel Veness Marc G. Bellemare and Alex Graves and Martin Riedmiller and Andreas K. Fidjeland and Georg Ostrovski and Stig Petersen and Charles Beattie and Amir Sadik and Ioannis Antonoglou and Helen King and Dharshan Kumaran and Daan Wierstra and Shane Legg and Demis Hassabis},
	Title = {Human-level control through deep reinforcement learning},
	Year = {2014},
}
@misc{Kelley,
	Author = {Henry J. Kelley},
	Title = {Gradient Theory of Optimal Flight Paths},
	Year = {1962},
}
@misc{Mnih3,
	Author = {Volodymyr Mnih and Adrià Puigdomènech Badia and Mehdi Mirza and Alex Graves and Tim Harley and Timothy P. Lillicrap and David Silver and Koray Kavukcuoglu},
	Title = {Asynchronous Methods for Reinforcement Learning},
	Year = {2016},
}
@misc{Wei,
	Author = {Ying Wei and Yu Zhang and Qiang Yang},
	Title = {Learning to Transfer},
	Year = {2017},
}
@misc{Fang,
	Author = {Meng Fang and Jie Yun and Xingquan Zhu},
	Title = {Transfer Learning across Networks for Collective Classification},
	Year = {2014},
}
@misc{Taylor,
	Author = {Matthew E. Taylor and Peter Stone},
	Title = {Transfer Learning for Reinforcement Learning Domains: A Survey},
	Year = {2009},
}
@misc{Even-Dar,
	Author = {Eyal Even-Dar and Shie Mannor and Yishay Mansour},
	Title={Action Elimination and Stopping Conditions for Reinforcement Learning},
	year={2006},
}
@misc{Silver,
	Author = {David Silver and Thomas Hubert and Julian Schrittwieser and Ioannis Antonoglou and Matthew Lai and Arthur Guez and Marc Lantot and Laurent Sifre and Dharshan Kumaran and Thore Graepel and Timothy Lillicrap and Karen Simonyan and Demis Hassabis},
	Title = {Mastering Chess and Shogi by Self-Play with a General Reinforcement Learning Algorithm},
	Year = {2017},
	Eprint = {arXiv:1712.01815},
}
@misc{Pinto,
	Author = {Lerrel Pinto and James Davidson and Rahul Sukthankar and Abhinav Gupta},
	Title = {Robust Adversarial Reinforcement Learning},
	Year = {2017},
	Eprint = {arXiv:1703.02702},	
}
@misc{Lin,
	Author = {Yen-Chen Lin and Zhang-Wei Hong and Yuan-Hong Liao and  Meng-li Shih and Ming-yu Liu and Min Sun},
	Title = {Tactics of Adversarial Attack on Deep Reinforcement Learning Agents},
	Year = {2017},
}
